<record><leader>00000cas a2200000Ma 4500</leader><controlfield tag="001">11106882</controlfield><controlfield tag="008">840830d18741941deuwr ne      0    0eng d</controlfield><datafield ind1=" " ind2=" " tag="010"><subfield code="a">sn 84038103 </subfield></datafield><datafield ind1=" " ind2=" " tag="040"><subfield code="a">AQM</subfield><subfield code="b">eng</subfield><subfield code="c">AQM</subfield><subfield code="d">OCLCQ</subfield></datafield><datafield ind1="0" ind2=" " tag="130"><subfield code="a">State sentinel (Dover, Del.)</subfield></datafield><datafield ind1="1" ind2="0" tag="245"><subfield code="a">State sentinel.</subfield></datafield><datafield ind1=" " ind2=" " tag="260"><subfield code="a">Dover, Del. :</subfield><subfield code="b">H.W. Cannon</subfield></datafield><datafield ind1=" " ind2=" " tag="310"><subfield code="a">Weekly</subfield></datafield><datafield ind1="1" ind2=" " tag="362"><subfield code="a">Began with May 15, 1874 issue; ceased in 1941.</subfield></datafield><datafield ind1=" " ind2=" " tag="588"><subfield code="a">Description based on: Vol. 3, no. 17 (Sept. 2, 1876).</subfield></datafield><datafield ind1=" " ind2="7" tag="655"><subfield code="a">Newspapers.</subfield><subfield code="2">rbgenr</subfield></datafield><datafield ind1=" " ind2=" " tag="752"><subfield code="a">United States</subfield><subfield code="b">Delaware</subfield><subfield code="c">Kent</subfield><subfield code="d">Dover.</subfield></datafield></record>